@book{sutton_2018, 
  place={Cambridge, MA}, 
  title={Reinforcement Learning, Second Edition: An Introduction: An Introduction}, 
  publisher={The MIT Press}, 
  author={Sutton, Richard S.}, 
  year={2018}
  }

@misc{mallawaarachchi_2020, title={Introduction to genetic algorithms - including example code}, 
  url={https://towardsdatascience.com/introduction-to-genetic-algorithms-including-example-code-e396e98d8bf3#:~:text=A%20genetic%20algorithm%20is%20a,offspring%20of%20the%20next%20generation.}, 
  author={Mallawaarachchi, Vijini}, 
  year={2020}, 
  month={Mar}
  }

@article{silver_huang_maddison_guez_sifre_van den driessche_schrittwieser_antonoglou_panneershelvam_lanctot_et al._2016,
 title={Mastering the game of Go with deep neural networks and tree search}, 
 volume={529}, 
 DOI={10.1038/nature16961}, 
 number={7587}, 
 journal={Nature}, 
 author={Silver, David and Huang, Aja and Maddison, Chris J. and Guez, Arthur and Sifre, Laurent and van den Driessche, George and Schrittwieser, Julian and Antonoglou, Ioannis and Panneershelvam, Veda and Lanctot, Marc and et al.}, year={2016}, pages={484â€“489}}
 }

@article{DBLP:journals/corr/LiangS16,
  author    = {Shiyu Liang and
               R. Srikant},
  title     = {Why Deep Neural Networks?},
  journal   = {CoRR},
  volume    = {abs/1610.04161},
  year      = {2016},
  url       = {http://arxiv.org/abs/1610.04161},
  archivePrefix = {arXiv},
  eprint    = {1610.04161},
  timestamp = {Thu, 22 Aug 2019 13:48:06 +0200},
  biburl    = {https://dblp.org/rec/journals/corr/LiangS16.bib},
  bibsource = {dblp computer science bibliography, https://dblp.org}
}

@inproceedings{NIPS2009_389bc7bb,
  author = {Veness, Joel and Silver, David and Blair, Alan and Uther, William},
  booktitle = {Advances in Neural Information Processing Systems},
  editor = {Y. Bengio and D. Schuurmans and J. Lafferty and C. Williams and A. Culotta},
  pages = {},
  publisher = {Curran Associates, Inc.},
  title = {Bootstrapping from Game Tree Search},
  url = {https://proceedings.neurips.cc/paper/2009/file/389bc7bb1e1c2a5e7e147703232a88f6-Paper.pdf},
  volume = {22},
  year = {2009}
}

@ARTICLE{538609,  
  author={K. F. {Man} and K. S. {Tang} and S. {Kwong}},  
  journal={IEEE Transactions on Industrial Electronics},   
  title={Genetic algorithms: concepts and applications [in engineering design]},   
  year={1996},  
  volume={43},  
  number={5},  
  pages={519-534},  
  doi={10.1109/41.538609}
}


